<record xmlns="http://www.loc.gov/MARC21/slim">
  <leader>02473cjm a2200433Ia 4500</leader>
  <controlfield tag="001">u6108298</controlfield>
  <controlfield tag="003">SIRSI</controlfield>
  <controlfield tag="007">sd*bsmezn|||||</controlfield>
  <controlfield tag="008">130809s2013    gw jzn   a          zxx d</controlfield>
  <datafield tag="024" ind1="1" ind2=" ">
    <subfield code="a">807280172492</subfield>
  </datafield>
  <datafield tag="028" ind1="4" ind2="0">
    <subfield code="a">#101724</subfield>
    <subfield code="b">Arthaus Musik</subfield>
  </datafield>
  <datafield tag="035" ind1=" " ind2=" ">
    <subfield code="a">(OCoLC)855792824</subfield>
  </datafield>
  <datafield tag="040" ind1=" " ind2=" ">
    <subfield code="a">VA@</subfield>
    <subfield code="c">Va@</subfield>
  </datafield>
  <datafield tag="049" ind1=" " ind2=" ">
    <subfield code="a">VA@@</subfield>
  </datafield>
  <datafield tag="100" ind1="1" ind2=" ">
    <subfield code="a">Pettiford, Oscar,</subfield>
    <subfield code="d">1922-1960.</subfield>
  </datafield>
  <datafield tag="245" ind1="0" ind2="0">
    <subfield code="a">Lost tapes</subfield>
    <subfield code="h">[sound recording] :</subfield>
    <subfield code="b">Baden-Baden 1958/1959 /</subfield>
    <subfield code="c">Oscar Pettiford.</subfield>
  </datafield>
  <datafield tag="246" ind1="3" ind2=" ">
    <subfield code="a">Baden-Baden 1958-1959</subfield>
  </datafield>
  <datafield tag="260" ind1=" " ind2=" ">
    <subfield code="a">Germany :</subfield>
    <subfield code="b">Arthaus Musik,</subfield>
    <subfield code="c">c2013.</subfield>
  </datafield>
  <datafield tag="300" ind1=" " ind2=" ">
    <subfield code="a">1 sound disc :</subfield>
    <subfield code="b">analog, 33 1/3 rpm ;</subfield>
    <subfield code="c">12 in.</subfield>
  </datafield>
  <datafield tag="500" ind1=" " ind2=" ">
    <subfield code="a">Oscar Pettiford, b, cello (all tracks) ; Dusko Goykovich, tp (track 1) ; Lucky Thompson, ss (track 2), Hans Hammerschmid, p, (tracks 2, 10) ; Hartwig Bartz, dr (track 2) ; Rolf Kühn, cl, (tracks 3-5) ; Jimmy Pratt, dr (tracks 3-9) ; Hans Koller, ts (tracks 4-10) ; Attila Zoller, g (tracks 6,8,9) ; Kenny Clarke, dr (track 10) ; Helmut Brandt, Helmut Reinhardt, Johnny Feigl, bs (track 10) ; Rudi Flierl, as (track 10).</subfield>
  </datafield>
  <datafield tag="500" ind1=" " ind2=" ">
    <subfield code="a">Total duration 46:12.</subfield>
  </datafield>
  <datafield tag="500" ind1=" " ind2=" ">
    <subfield code="a">Studio recordings SWF Baden-Baden: (tracks 1,2) July 15, 1959 ; (tracks 3-7) June 14, 1959 ; (tracks 8,9) February 24, 1959 ; (tracks 10) December 2, 1958.</subfield>
  </datafield>
  <datafield tag="511" ind1="0" ind2=" ">
    <subfield code="a">Various artists.</subfield>
  </datafield>
  <datafield tag="505" ind1="0" ind2="0">
    <subfield code="t">But not for me /</subfield>
    <subfield code="r">George Gershwin (3:00) --</subfield>
    <subfield code="t">Sophisticated lady /</subfield>
    <subfield code="r">Duke Ellington (5:35) --</subfield>
    <subfield code="t">A smooth one /</subfield>
    <subfield code="r">Charlie Christian (3:30) --</subfield>
    <subfield code="t">O.P. /</subfield>
    <subfield code="r">Hans Koller (5:22) --</subfield>
    <subfield code="t">Minor plus a major /</subfield>
    <subfield code="r">Rolf Kühn (4:30) --</subfield>
    <subfield code="t">Poor butterfly /</subfield>
    <subfield code="r">Raymond Hubbel (4:48) --</subfield>
    <subfield code="t">Anusia /</subfield>
    <subfield code="r">Hans Koller (5:11) --</subfield>
    <subfield code="t">My little cello /</subfield>
    <subfield code="r">Oscar Pettiford (4:55) --</subfield>
    <subfield code="t">Nearness of you /</subfield>
    <subfield code="r">Hoagy Carmichael (4:43) --</subfield>
    <subfield code="t">Atlantic /rHelmut Brandt (4:09)</subfield>
  </datafield>
  <datafield tag="650" ind1=" " ind2="0">
    <subfield code="a">Jazz</subfield>
    <subfield code="y">1951-1960.</subfield>
  </datafield>
  <datafield tag="700" ind1="1" ind2="2">
    <subfield code="a">Gershwin, George,</subfield>
    <subfield code="d">1898-1937.</subfield>
    <subfield code="t">But not for me.</subfield>
  </datafield>
  <datafield tag="700" ind1="1" ind2="2">
    <subfield code="a">Ellington, Duke,</subfield>
    <subfield code="d">1899-1974.</subfield>
    <subfield code="t">Sophisticated lady.</subfield>
  </datafield>
  <datafield tag="700" ind1="1" ind2="2">
    <subfield code="a">Christian, Charlie,</subfield>
    <subfield code="d">1916-1942.</subfield>
    <subfield code="t">Smooth one.</subfield>
  </datafield>
  <datafield tag="700" ind1="1" ind2="2">
    <subfield code="a">Koller, Hans.</subfield>
    <subfield code="t">O.P.</subfield>
  </datafield>
  <datafield tag="700" ind1="1" ind2="2">
    <subfield code="a">Kühn, Rolf.</subfield>
    <subfield code="t">Minor plus a major.</subfield>
  </datafield>
  <datafield tag="700" ind1="1" ind2="2">
    <subfield code="a">Hubbell, Raymond,</subfield>
    <subfield code="d">1879-1954.</subfield>
    <subfield code="t">Poor butterfly.</subfield>
  </datafield>
  <datafield tag="700" ind1="1" ind2="2">
    <subfield code="a">Koller, Hans.</subfield>
    <subfield code="t">Anusia.</subfield>
  </datafield>
  <datafield tag="700" ind1="1" ind2="2">
    <subfield code="a">Pettiford, Oscar,</subfield>
    <subfield code="d">1922-1960.</subfield>
    <subfield code="t">My little cello.</subfield>
  </datafield>
  <datafield tag="700" ind1="1" ind2="2">
    <subfield code="a">Carmichael, Hoagy,</subfield>
    <subfield code="d">1899-1981.</subfield>
    <subfield code="t">Nearness of you.</subfield>
  </datafield>
  <datafield tag="700" ind1="1" ind2="2">
    <subfield code="a">Brandt, Helmut,</subfield>
    <subfield code="d">1931-.</subfield>
    <subfield code="t">Atlantic.</subfield>
  </datafield>
  <datafield tag="596" ind1=" " ind2=" ">
    <subfield code="a">12</subfield>
  </datafield>
  <datafield tag="999" ind1=" " ind2=" ">
    <subfield code="a">LP 20162</subfield>
    <subfield code="w">ALPHANUM</subfield>
    <subfield code="c">1</subfield>
    <subfield code="i">X030396583</subfield>
    <subfield code="d">8/13/2013</subfield>
    <subfield code="e">8/9/2013</subfield>
    <subfield code="l">CIRCDESK</subfield>
    <subfield code="m">MUSIC</subfield>
    <subfield code="r">Y</subfield>
    <subfield code="s">Y</subfield>
    <subfield code="t">MUSIC-LP</subfield>
    <subfield code="u">7/25/2013</subfield>
    <subfield code="x">ORIGINAL</subfield>
  </datafield>
</record>
